@article{tooze2022,
  title = {Welcome to the World of the Polycrisis},
  author = {Tooze, Adam},
  year = {2022},
  month = oct,
  journal = {Financial Times},
  urldate = {2023-04-04}
}
